<?xml version="1.0" encoding="UTF-8"?><record xmlns="http://www.loc.gov/MARC21/slim" xmlns:cinclude="http://apache.org/cocoon/include/1.0" xmlns:zs="http://www.loc.gov/zing/srw/">
  <leader>00411nz  a2200133n  4500</leader>
  <controlfield tag="001">no2004068264</controlfield>
  <controlfield tag="003">DLC</controlfield>
  <controlfield tag="005">20040720051815.0</controlfield>
  <controlfield tag="008">040719n| acannaabn          |n ana     c</controlfield>
  <datafield tag="010" ind1=" " ind2=" ">
    <subfield code="a">no2004068264</subfield>
  </datafield>
  <datafield tag="035" ind1=" " ind2=" ">
    <subfield code="a">(OCoLC)oca06396574</subfield>
  </datafield>
  <datafield tag="040" ind1=" " ind2=" ">
    <subfield code="a">TxU</subfield>
    <subfield code="b">eng</subfield>
    <subfield code="c">TxU</subfield>
  </datafield>
  <datafield tag="110" ind1="2" ind2=" ">
    <subfield code="a">Liga Anti-Clerical (São Paulo, Brazil)</subfield>
  </datafield>
  <datafield tag="670" ind1=" " ind2=" ">
    <subfield code="a">Lanterna (São Paulo, Brazil), 24 de março de 1901:</subfield>
    <subfield code="b">t.p. (Liga Anti-Clerical; São Paulo)</subfield>
  </datafield>
</record>